@ARTICLE{gallego2020,
  author={Gallego, Guillermo and Delbruck, Tobi and Orchard, Garrick Michael and Bartolozzi, Chiara and Taba, Brian and Censi, Andrea and Leutenegger, Stefan and Davison, Andrew and Conradt, Jorg and Daniilidis, Kostas and Scaramuzza, Davide},
  journal={IEEE Transactions on Pattern Analysis and Machine Intelligence}, 
  title={Event-based Vision: A Survey}, 
  year={2020},
  volume={},
  number={},
  pages={1-1},
  doi={10.1109/TPAMI.2020.3008413}}

@INPROCEEDINGS{CL1,  author={Conradt, J. and Cook, M. and Berner, R. and Lichtsteiner, P. and Douglas, R.J. and Delbruck, T.},  booktitle={2009 IEEE International Symposium on Circuits and Systems},   title={A pencil balancing robot using a pair of AER dynamic vision sensors},   year={2009},  volume={},  number={},  pages={781-784},  doi={10.1109/ISCAS.2009.5117867}}

@article{CL2,
author = {Delbruck, Tobi and Lang, Manuel},
year = {2013},
month = {11},
pages = {223},
title = {Robotic Goalie with 3ms Reaction Time at 4\% CPU Load Using Event-Based Dynamic Vision Sensor},
volume = {7},
journal = {Frontiers in neuroscience},
doi = {10.3389/fnins.2013.00223}
}

@article{CL3,
author = {Falanga, Davide and Kim, Suseong and Scaramuzza, Davide},
year = {2019},
month = {02},
pages = {1-1},
title = {How Fast is Too Fast? The Role of Perception Latency in High-Speed Sense and Avoid},
volume = {PP},
journal = {IEEE Robotics and Automation Letters},
doi = {10.1109/LRA.2019.2898117}
}

@article {CL4,
	Title = {Dynamic obstacle avoidance for quadrotors with event cameras},
	Author = {Falanga, Davide and Kleber, Kevin and Scaramuzza, Davide},
	DOI = {10.1126/scirobotics.aaz9712},
	Number = {40},
	Volume = {5},
	Month = {March},
	Year = {2020},
	Journal = {Science robotics},
	ISSN = {2470-9476},
	URL = {https://doi.org/10.1126/scirobotics.aaz9712}
}

@ARTICLE{OT1,
  
AUTHOR={Li, Hongmin and Shi, Luping},   
	 
TITLE={Robust Event-Based Object Tracking Combining Correlation Filter and CNN Representation},      
	
JOURNAL={Frontiers in Neurorobotics},      
	
VOLUME={13},      

PAGES={82},     
	
YEAR={2019},      
	  
URL={https://www.frontiersin.org/article/10.3389/fnbot.2019.00082},       
	
DOI={10.3389/fnbot.2019.00082},      
	
ISSN={1662-5218}
}

@article{OT2,
  author    = {Daniel Gehrig and
               Henri Rebecq and
               Guillermo Gallego and
               Davide Scaramuzza},
  title     = {Asynchronous, Photometric Feature Tracking using Events and Frames},
  journal   = {CoRR},
  volume    = {abs/1807.09713},
  year      = {2018},
  url       = {http://arxiv.org/abs/1807.09713},
  eprinttype = {arXiv},
  eprint    = {1807.09713},
  timestamp = {Mon, 09 Nov 2020 15:07:12 +0100},
  biburl    = {https://dblp.org/rec/journals/corr/abs-1807-09713.bib},
  bibsource = {dblp computer science bibliography, https://dblp.org}
}

@ARTICLE{EM1,  author={Rebecq, Henri and Horstschaefer, Timo and Gallego, Guillermo and Scaramuzza, Davide},  journal={IEEE Robotics and Automation Letters},   title={EVO: A Geometric Approach to Event-Based 6-DOF Parallel Tracking and Mapping in Real Time},   year={2017},  volume={2},  number={2},  pages={593-600},  doi={10.1109/LRA.2016.2645143}}

@INPROCEEDINGS{EM2,  author={Gallego, Guillermo and Rebecq, Henri and Scaramuzza, Davide},  booktitle={2018 IEEE/CVF Conference on Computer Vision and Pattern Recognition},   title={A Unifying Contrast Maximization Framework for Event Cameras, with Applications to Motion, Depth, and Optical Flow Estimation},   year={2018},  volume={},  number={},  pages={3867-3876},  doi={10.1109/CVPR.2018.00407}}

@misc{barranco2018,
      title={Real-time clustering and multi-target tracking using event-based sensors}, 
      author={Francisco Barranco and Cornelia Fermuller and Eduardo Ros},
      year={2018},
      eprint={1807.02851},
      archivePrefix={arXiv},
      primaryClass={cs.RO}
}

@misc{muthusamy2020,
      title={Neuromorphic Eye-in-Hand Visual Servoing}, 
      author={Rajkumar Muthusamy and Abdulla Ayyad and Mohamad Halwani and Yahya Zweiri and Dongming Gan and Lakmal Seneviratne},
      year={2020},
      eprint={2004.07398},
      archivePrefix={arXiv},
      primaryClass={cs.RO}
}

@article{rigi2018, title={A Novel Event-Based Incipient Slip Detection Using Dynamic Active-Pixel Vision Sensor (DAVIS)}, volume={18}, ISSN={1424-8220}, url={http://dx.doi.org/10.3390/s18020333}, DOI={10.3390/s18020333}, number={2}, journal={Sensors}, publisher={MDPI AG}, author={Rigi, Amin and Baghaei Naeini, Fariborz and Makris, Dimitrios and Zweiri, Yahya}, year={2018}, month={Jan}, pages={333}}

@ARTICLE{muthusamy2020slip,

  author={Muthusamy, Rajkumar and Huang, Xiaoqian and Zweiri, Yahya and Seneviratne, Lakmal and Gan, Dongming},

  journal={IEEE Access}, 

  title={Neuromorphic Event-Based Slip Detection and Suppression in Robotic Grasping and Manipulation}, 

  year={2020},

  volume={8},

  number={},

  pages={153364-153384},

  doi={10.1109/ACCESS.2020.3017738}}


@misc{huang2021,
      title={Real-Time Grasping Strategies Using Event Camera}, 
      author={Xiaoqian Huang and Mohamad Halwani and Rajkumar Muthusamy and Abdulla Ayyad and Dewald Swart and Lakmal Seneviratne and Dongming Gan and Yahya Zweiri},
      year={2021},
      eprint={2107.07200},
      archivePrefix={arXiv},
      primaryClass={cs.RO}
}

@article{gelsight2017,
   title={Improved GelSight tactile sensor for measuring geometry and slip},
   ISBN={9781538626825},
   url={http://dx.doi.org/10.1109/IROS.2017.8202149},
   DOI={10.1109/iros.2017.8202149},
   journal={2017 IEEE/RSJ International Conference on Intelligent Robots and Systems (IROS)},
   publisher={IEEE},
   author={Dong, Siyuan and Yuan, Wenzhen and Adelson, Edward H.},
   year={2017},
   month={Sep}
}

@misc{gelsight2018,
      title={Slip Detection with Combined Tactile and Visual Information}, 
      author={Jianhua Li and Siyuan Dong and Edward Adelson},
      year={2018},
      eprint={1802.10153},
      archivePrefix={arXiv},
      primaryClass={cs.RO}
}

@misc{rss2020,
      title={Event-Driven Visual-Tactile Sensing and Learning for Robots}, 
      author={Tasbolat Taunyazov and Weicong Sng and Hian Hian See and Brian Lim and Jethro Kuan and Abdul Fatir Ansari and Benjamin C. K. Tee and Harold Soh},
      year={2020},
      eprint={2009.07083},
      archivePrefix={arXiv},
      primaryClass={cs.RO}
}


@Manual{panda,
  title        = {Panda's Instruction Handbook},
  year         = {April 2020},
  organization = {Franka Emika GmbH},
  url          = {https://dentec.pl/pliki/Artykul/855_dentec-franka-instrukcja-uzytkownika.pdf},
}

@Manual{davis,
  title        = {DAVIS 346},
  year         = {August 2019},
  organization = {iniVation},
  url          = {https://inivation.com/wp-content/uploads/2019/08/DAVIS346.pdf},
}

@misc{v2e,
      title={v2e: From Video Frames to Realistic DVS Events}, 
      author={Yuhuang Hu and Shih-Chii Liu and Tobi Delbruck},
      year={2021},
      eprint={2006.07722},
      archivePrefix={arXiv},
      primaryClass={cs.CV}
}

@INPROCEEDINGS{evflownet, 
    AUTHOR    = {Alex Zhu AND Liangzhe Yuan AND Kenneth Chaney AND Kostas Daniilidis}, 
    TITLE     = {EV-FlowNet: Self-Supervised Optical Flow Estimation for Event-based Cameras}, 
    BOOKTITLE = {Proceedings of Robotics: Science and Systems}, 
    YEAR      = {2018}, 
    ADDRESS   = {Pittsburgh, Pennsylvania}, 
    MONTH     = {June}, 
    DOI       = {10.15607/RSS.2018.XIV.062} 
}

@misc{motionsegmentation,
      title={Event-based Motion Segmentation with Spatio-Temporal Graph Cuts}, 
      author={Yi Zhou and Guillermo Gallego and Xiuyuan Lu and Siqi Liu and Shaojie Shen},
      year={2021},
      eprint={2012.08730},
      archivePrefix={arXiv},
      primaryClass={cs.CV}
}